@online{forbes,
  author = {Joe McKendrick},
  title = {Forbes Bussiness Magzine: Is All-Cloud Computing Inevitable? Analysts Suggest It Is},
  year = 2016,
  urldate = {2016-10-09}
}

@online{forbes,
  author = {Joe McKendrick},
  title = {Forbes Bussiness Magzine: Is All-Cloud Computing Inevitable? Analysts Suggest It Is},
  year = 2016,
  note={\url{http://www.forbes.com/sites/joemckendrick/2016/07/05/is-all-cloud-computing-inevitable-analysts-suggest-it-is}},
  urldate = {2016-10-09}
}

@inproceedings{dornemann2009demand,
  title={On-demand resource provisioning for BPEL workflows using Amazon's elastic compute cloud},
  author={D{\"o}rnemann, Tim and Juhnke, Ernst and Freisleben, Bernd},
  booktitle={Cluster Computing and the Grid, 2009. CCGRID'09. 9th IEEE/ACM International Symposium on},
  pages={140--147},
  year={2009},
  organization={IEEE}
}

@inproceedings{shen2011cloudscale,
  title={Cloudscale: elastic resource scaling for multi-tenant cloud systems},
  author={Shen, Zhiming and Subbiah, Sethuraman and Gu, Xiaohui and Wilkes, John},
  booktitle={Proceedings of the 2nd ACM Symposium on Cloud Computing},
  pages={5},
  year={2011},
  organization={ACM}
}

@inproceedings{moreno2009elastic,
  title={Elastic management of cluster-based services in the cloud},
  author={Moreno-Vozmediano, Rafael and Montero, Ruben S and Llorente, Ignacio M},
  booktitle={Proceedings of the 1st workshop on Automated control for datacenters and clouds},
  pages={19--24},
  year={2009},
  organization={ACM}
}

@article{calheiros2012aneka,
  title={The Aneka platform and QoS-driven resource provisioning for elastic applications on hybrid Clouds},
  author={Calheiros, Rodrigo N and Vecchiola, Christian and Karunamoorthy, Dileban and Buyya, Rajkumar},
  journal={Future Generation Computer Systems},
  volume={28},
  number={6},
  pages={861--870},
  year={2012},
  publisher={Elsevier}
}

@online{amazonec2,
  title = {Amazon Elastic Compute Cloud},
  note={\url{https://aws.amazon.com/ec2/}},
  urldate = {2016-10-09}
}

@inproceedings{felter2015updated,
  title={An updated performance comparison of virtual machines and linux containers},
  author={Felter, Wes and Ferreira, Alexandre and Rajamony, Ram and Rubio, 
Juan},
  booktitle={Performance Analysis of Systems and Software (ISPASS), 2015 IEEE 
International Symposium On},
  pages={171--172},
  year={2015},
  organization={IEEE}
}

@inproceedings{morabito2015hypervisors,
  title={Hypervisors vs. Lightweight Virtualization: a Performance Comparison},
  author={Morabito, Roberto and Kjallman, Jimmy and Komu, Miika},
  booktitle={Cloud Engineering (IC2E), 2015 IEEE International Conference on},
  pages={386--393},
  year={2015},
  organization={IEEE}
}

@inproceedings{agarwal2015containing,
  title={Containing the hype},
  author={Agarwal, Kavita and Jain, Bhushan and Porter, Donald E},
  booktitle={Proceedings of the 6th Asia-Pacific Workshop on Systems},
  pages={8},
  year={2015},
  organization={ACM}
}


@inproceedings{beserra2015performance,
  title={Performance Analysis of LXC for HPC Environments},
  author={Beserra, David and Moreno, Edward David and Takako Endo, Patricia and Barreto, Jymmy and Sadok, Djamel and Fernandes, St{\^e}nio},
  booktitle={Complex, Intelligent, and Software Intensive Systems (CISIS), 2015 Ninth International Conference on},
  pages={358--363},
  year={2015},
  organization={IEEE}
}

@article{rathore2013kvm,
  title={KVM vs. LXC: comparing performance and isolation of hardware-assisted virtual routers},
  author={Rathore, Muhammad Siraj and Hidell, Markus and Sj{\"o}din, Peter},
  journal={American Journal of Networks and Communications},
  volume={2},
  number={4},
  pages={88--96},
  year={2013}
}

@inproceedings{sharma2015spotcheck,
  title={Spotcheck: Designing a derivative iaas cloud on the spot market},
  author={Sharma, Prateek and Lee, Stephen and Guo, Tian and Irwin, David and Shenoy, Prashant},
  booktitle={Proceedings of the Tenth European Conference on Computer Systems},
  pages={16},
  year={2015},
  organization={ACM}
}

@online{picloud,
  title = {PiCloud},
  note={\url{http://www.multyvac.com}},
  urldate = {2016-10-09}
}

@online{heroku,
  title = {Heroku},
  note={\url{http://www.heroku.com}},
  urldate = {2016-10-09}
}

@online{sapcp,
  title = {SAP Cloud Platform},
  note={\url{https://cloudplatform.sap.com/index.html}},
  urldate = {2017-06-17}
}


@online{docker,
  author = {Docker Inc.},
  title = {Docker Offical Documentation},
  year = 2016,
  note={\url{https://docs.docker.com/}},
  urldate = {2016-10-10}
}

@online{lxd,
  title = {Linux Container Hypervisor},
  year = 2016,
  note={\url{https://linuxcontainers.org/lxd/}},
  urldate = {2016-10-10}
}

@article{kolyshkin2006virtualization,
  title={Virtualization in linux},
  author={Kolyshkin, Kirill},
  journal={White paper, OpenVZ},
  volume={3},
  pages={39},
  year={2006}
}

@inproceedings{menage2007adding,
  title={Adding generic process containers to the linux kernel},
  author={Menage, Paul B},
  booktitle={Proceedings of the Linux Symposium},
  volume={2},
  pages={45--57},
  year={2007},
  organization={Citeseer}
}

@online{manual,
  title = {Getting your hands dirty with containers},
  note={\url{https://www.cse.iitb.ac.in/~prashanth/containers/seminar/manual.pdf}},
  urldate = {2016-10-09}
}

@article{waldspurger2002memory,
  title={Memory resource management in VMware ESX server},
  author={Waldspurger, Carl A},
  journal={ACM SIGOPS Operating Systems Review},
  volume={36},
  number={SI},
  pages={181--194},
  year={2002},
  publisher={ACM}
}

@inproceedings{williams2011overdriver,
  title={Overdriver: Handling memory overload in an oversubscribed cloud},
  author={Williams, Dan and Jamjoom, Hani and Liu, Yew-Huey and Weatherspoon, Hakim},
  booktitle={ACM SIGPLAN Notices},
  volume={46},
  number={7},
  pages={205--216},
  year={2011},
  organization={ACM}
}

@article{molto2013elastic,
  title={Elastic memory management of virtualized infrastructures for applications with dynamic memory requirements},
  author={Molt{\'o}, Germ{\'a}n and Caballer, Miguel and Romero, Eloy and de Alfonso, Carlos},
  journal={Procedia Computer Science},
  volume={18},
  pages={159--168},
  year={2013},
  publisher={Elsevier}
}

@inproceedings{venkatesan2014ex,
  title={Ex-tmem: Extending transcendent memory with non-volatile memory for virtual machines},
  author={Venkatesan, Vimalraj and Qingsong, Wei and Tay, YC},
  booktitle={High Performance Computing and Communications, 2014 IEEE 6th Intl Symp on Cyberspace Safety and Security, 2014 IEEE 11th Intl 
Conf on Embedded Software and Syst (HPCC, CSS, ICESS), 2014 IEEE Intl Conf on},
  pages={966--973},
  year={2014},
  organization={IEEE}
}

@inproceedings{dornemann2009demand,
  title={On-demand resource provisioning for BPEL workflows using Amazon's elastic compute cloud},
  author={D{\"o}rnemann, Tim and Juhnke, Ernst and Freisleben, Bernd},
  booktitle={Cluster Computing and the Grid, 2009. CCGRID'09. 9th IEEE/ACM International Symposium on},
  pages={140--147},
  year={2009},
  organization={IEEE}
}

@inproceedings{shen2011cloudscale,
  title={Cloudscale: elastic resource scaling for multi-tenant cloud systems},
  author={Shen, Zhiming and Subbiah, Sethuraman and Gu, Xiaohui and Wilkes, John},
  booktitle={Proceedings of the 2nd ACM Symposium on Cloud Computing},
  pages={5},
  year={2011},
  organization={ACM}
}

@article{calheiros2012aneka,
  title={The Aneka platform and QoS-driven resource provisioning for elastic applications on hybrid Clouds},
  author={Calheiros, Rodrigo N and Vecchiola, Christian and Karunamoorthy, Dileban and Buyya, Rajkumar},
  journal={Future Generation Computer Systems},
  volume={28},
  number={6},
  pages={861--870},
  year={2012},
  publisher={Elsevier}
}

@inproceedings{he2012elastic,
  title={Elastic application container: A lightweight approach for cloud resource provisioning},
  author={He, Sijin and Guo, Li and Guo, Yike and Wu, Chao and Ghanem, Moustafa and Han, Rui},
  booktitle={2012 IEEE 26th International Conference on Advanced Information Networking and Applications},
  pages={15--22},
  year={2012},
  organization={IEEE}
}

@online{stress,
  title = {Stress Workload Generator},
  note={\url{http://people.seas.harvard.edu/~apw/stress/}},
  urldate = {2016-10-09}
}

@online{mongodb,
  title = {MongoDB},
  note={\url{https://docs.mongodb.com/v3.2/}},
  urldate = {2016-10-09}
}

@online{redis,
  title = {Redis In-Memory key-value store},
  note={\url{http://redis.io/}},
  urldate = {2016-10-09}
}

@online{mysql,
  title = {MySQL database server},
  note={\url{https://www.mysql.com/}},
  urldate = {2017-06-19}
}

@online{filebench,
  title = {Filebench},
  note={\url{https://github.com/filebench/filebench/wiki}},
  urldate = {2017-06-19}
}

@online{memcached,
  title = {Memcached Distributed In-Memory key-value store},
  note={\url{https://memcached.org/}},
  urldate = {2017-06-19}
}}},
  urldate = {2016-10-09}
}

@online{gcp,
  title = {Google cloud plalform},
  note={\url{https://cloud.google.com/container-engine/}},
  urldate = {2017-06-19}
}

@inproceedings{cooper2010benchmarking,
  title={Benchmarking cloud serving systems with YCSB},
  author={Cooper, Brian F and Silberstein, Adam and Tam, Erwin and Ramakrishnan, Raghu and Sears, Russell},
  booktitle={Proceedings of the 1st ACM symposium on Cloud computing},
  pages={143--154},
  year={2010},
  organization={ACM}
}

@inproceedings{doubledecker,
  title={DoubleDecker: Differentiated Hypervisor Caching for Derivative Clouds},
  author={Debadatta Mishra and Purushottam Kulkarni},
  year={2016}
}

@inproceedings{williams2012xen,
  title={The Xen-Blanket: virtualize once, run everywhere},
  author={Williams, Dan and Jamjoom, Hani and Weatherspoon, Hakim},
  booktitle={Proceedings of the 7th ACM european conference on Computer Systems},
  pages={113--126},
  year={2012},
  organization={ACM}
}

@inproceedings{lu2007virtual,
  title={Virtual Machine Memory Access Tracing with Hypervisor Exclusive Cache.},
  author={Lu, Pin and Shen, Kai},
  booktitle={Usenix Annual Technical Conference},
  pages={29--43},
  year={2007}
}

@inproceedings{magenheimer2009transcendent,
  title={Transcendent memory and linux},
  author={Magenheimer, Dan and Mason, Chris and McCracken, Dave and Hackel, Kurt},
  booktitle={Proceedings of the Linux Symposium},
  pages={191--200},
  year={2009},
  organization={Citeseer}
}

@inproceedings{mishra2014comparative,
  title={Comparative analysis of page cache provisioning in virtualized environments},
  author={Mishra, Debadatta and Kulkarni, Purushottam},
  booktitle={Modelling, Analysis \& Simulation of Computer and Telecommunication Systems (MASCOTS), 2014 IEEE 22nd International Symposium on},
  pages={213--222},
  year={2014},
  organization={IEEE}
}

@inproceedings{schopp2006resizing,
  title={Resizing memory with balloons and hotplug},
  author={Schopp, Joel H and Fraser, Keir and Silbermann, Martine J},
  booktitle={Proceedings of the Linux Symposium},
  volume={2},
  pages={313--319},
  year={2006}
}

@inproceedings{koller2015centaur,
  title={Centaur: Host-side SSD caching for storage performance control},
  author={Koller, Ricardo and Mashtizadeh, Ali Jos{\'e} and Rangaswami, Raju},
  booktitle={Autonomic Computing (ICAC), 2015 IEEE International Conference on},
  pages={51--60},
  year={2015},
  organization={IEEE}
}

@inproceedings{stefanovici2015software,
  title={Software-defined caching: Managing caches in multi-tenant data centers},
  author={Stefanovici, Ioan and Thereska, Eno and O'Shea, Greg and Schroeder, Bianca and Ballani, Hitesh and Karagiannis, Thomas and Rowstron, Antony and Talpey, Tom},
  booktitle={Proceedings of the Sixth ACM Symposium on Cloud Computing},
  pages={174--181},
  year={2015},
  organization={ACM}
}





%%%%%%%%%%%%%%%%%%%%%%%%%%%%%%%%%%%%%%%%%%%%%%%%%%%%%%%%%%%%%%%%%%%

@article{zhao2009dynamic,
  title={Dynamic memory balancing for virtual machines},
  author={Zhao, Weiming and Wang, Zhenlin and Luo, Yingwei},
  journal={ACM SIGOPS Operating Systems Review},
  volume={43},
  number={3},
  pages={37--47},
  year={2009},
  publisher={ACM}
}

@inproceedings{zhou2004dynamic,
  title={Dynamic tracking of page miss ratio curve for memory management},
  author={Zhou, Pin and Pandey, Vivek and Sundaresan, Jagadeesan and Raghuraman, Anand and Zhou, Yuanyuan and Kumar, Sanjeev},
  booktitle={ACM SIGOPS Operating Systems Review},
  volume={38},
  number={5},
  pages={177--188},
  year={2004},
  organization={ACM}
}

@inproceedings{zhao2011low,
  title={Low Cost Working Set Size Tracking.},
  author={Zhao, Weiming and Jin, Xinxin and Wang, Zhenlin and Wang, Xiaolin and Luo, Yingwei and Li, Xiaoming},
  booktitle={USENIX Annual Technical Conference},
  year={2011}
}

@inproceedings{waldspurger2015efficient,
  title={Efficient MRC Construction with SHARDS.},
  author={Waldspurger, Carl A and Park, Nohhyun and Garthwaite, Alexander T and Ahmad, Irfan},
  booktitle={FAST},
  pages={95--110},
  year={2015}
}


